%! Author = sashamilne
%! Date = 2025-05-18

